<record xmlns="http://www.loc.gov/MARC21/slim" xmlns:xsi="http://www.w3.org/2001/XMLSchema-instance" xsi:schemaLocation="http://www.loc.gov/MARC21/slim http://www.loc.gov/standards/marcxml/schema/MARC21slim.xsd">

  <leader>01694nab a2200157   4500</leader>
  <datafield ind1=" " tag="999" ind2=" ">
    <subfield code="c">2649</subfield>
    <subfield code="d">2649</subfield>
  </datafield>
  <controlfield tag="008">150610b1999    cr f|||| |||| 00| 0 spa d</controlfield>
  <datafield ind2=" " tag="090" ind1=" ">
    <subfield code="a">REVIS 06.02.01</subfield>
  </datafield>
  <datafield tag="100" ind2=" " ind1="1">
    <subfield code="9">1229</subfield>
    <subfield code="a">Garbanzo Vargas, Guiselle María</subfield>
  </datafield>
  <datafield tag="245" ind2="3" ind1="1">
    <subfield code="a">El Régimen Académico como un sistema de reconocimientos e incentivos de los docentes de la Universidad de Costa Rica /</subfield>
    <subfield code="c">Guiselle M. Garbanzo Vargas</subfield>
  </datafield>
  <datafield ind1=" " ind2=" " tag="260">
    <subfield code="a">San José, Costa Rica :</subfield>
    <subfield code="b">Editorial Universidad de Costa Rica,</subfield>
    <subfield code="c">1999</subfield>
  </datafield>
  <datafield tag="300" ind2=" " ind1=" ">
    <subfield code="a">páginas 147-167</subfield>
  </datafield>
  <datafield ind1=" " ind2=" " tag="520">
    <subfield code="a">Esta investigación analiza la pertinencia del Régimen Académico de los docentes en propiedad de la Universidad de Costa Rica como estímulo y reconocimiento de sus labores académicas.  Docentes en propiedad por ser quienes están en derecho de disfrutar el Régimen en todas sus condiciones.  Se revisa la satisfacción de los docentes con respecto al sistema, la influencia en el desempeño laboral, su administración y la equidad entre las áreas académicas. Reúne el criterio de los docentes, así como el de un grupo de expertos en este campo.  Se enfaliza en la necesidad de que la educación superior, en este caso la Universidad de Costa Rica, dentro de sus políticas de desarrollo, tome en cuenta la necesidad de la pertinencia de un sistema de incentivos por méritos académicos, que favorezca la excelencia académica y, por ende, responda a los fines y propósitos por los que fue creada la Universidad de Costa Rica de acuerdo con las actuales demandas</subfield>
  </datafield>
  <datafield tag="650" ind2="4" ind1="1">
    <subfield code="9">1</subfield>
    <subfield code="a">EDUCACIÓN</subfield>
  </datafield>
  <datafield ind2=" " tag="773" ind1="0">
    <subfield code="d">San José, Costa Rica : Editorial de la Universidad de Costa Rica, 1997-</subfield>
    <subfield code="o">R0024</subfield>
    <subfield code="t">EDUCACIÓN: Revista de la Universidad de Costa Rica</subfield>
    <subfield code="g">Vol.23, no.especial (1999)</subfield>
  </datafield>
  <datafield ind1=" " ind2=" " tag="942">
    <subfield code="2">z</subfield>
    <subfield code="c">10</subfield>
  </datafield>
</record>